
@manual{M2p,
 organization = {{M2P Consulting}},
 month = {Februar},
 year = {2016},
 title = {Projektergebnisse der {P}r{\"u}fung von {M2P}},
 address = {Frankfurt am Main},
}


@book{PohlRupp2015,
 author = {Pohl, Klaus and Rupp, Chris},
 year = {2015},
 title = {Basiswissen Requirements Engineering},
 address = {Heidelberg},
 edition = {4. Edition},
 publisher = {dpunkt.verlag},
 isbn = {978-3-89864-550-8}
}

@phdthesis{Winter1999,
 author = {Mario Winter},
 title = {Qualitätssicherung für objektorientierte Software: Anforderungsermittlung und Test gegen die Anforderungsspezifikation},
 school = {Fachbereich Informatik der FernUniversität - Gesamthochschule - in Hagen},
 year = {1999},
 type = {Doktorarbeit},
}

@techreport{Hussmann,
 author = {Prof. Hußmann},
 title = {Anforderungsermittlung},
 institution = {Technische Universit{\"a}t Dresden},
 year = {2001},
}

@book{gabler,
 author = {Stefanie Brich and Claudia Hasenbalg},
 year = 2013,
 title = {Kompakt-Lexikon Wirtschaftsinformatik : 1.500 Begriffe nachschlagen, verstehen, anwenden},
 address = {Wiesbaden},
 publisher = {Springer Gabler},
 isbn = {978-3-658-03028-5},
}

@article{Kano,
 author = {Dauw-Song Zhu and Chih-Te Lin and Chung-Hung Tsai and Ji-Fu Wu},
 title = {{A Study on the Evaluation of Customers Satisfaction - the Perspective of Quality}},
 journal = {International Journal for Quality Research},
 year = 2010,
 month = {August},
 pages = {105-115},
}

@misc{Gespraech1,
 title = {Erstes Gespräch über Compas Kabine},
 author = {Wolfgang Wagner and Torsten Becker and Dominik Rapp and Julian Garske},
 month = {22. Mai},
 year = 2017,
 address = {Raunheim},
}

@misc{Gespraech2,
 title = {Erstes Gespräch mit den Planerinnen über die aktuelle Vorgehensweise},
 author = {Stefanie Berg and Vanessa-Julia Wagner and Julian Garske},
 month = {24. Mai},
 year = 2017,
 address = {Frankfurt am Main},
}

@misc{Gespraech3,
 title = {Gespräch über die Datenbank-Schnittstelle},
 author = {Norman Hentschel and Dominik Rapp and Julian Garske},
 month = {21. Juni},
 year = 2017,
 address = {Raunheim},
}

@misc{Gespraech4,
 title = {Gespräch über die Gruppenbildung in der Kabine},
 author = {Vanessa-Julia Wagner and Alfred Winkel and Julian Garske},
 month = {27. Juni},
 year = 2017,
 address = {Lufthansa-Basis Frankfurt},
}

@manual{anwenderkonzept,
 address = {Frankfurt am Main},
 title = {Anwenderkonzept Personalbestandsermittlung Kabine},
 year = 2015,
 author = {Alfred Winkel},
 organization = {Deutsche Lufthansa},
 edition = {1.2},
 month = {29. Oktober},
}
 
@book{Alpar2016,
 author = {Paul Alpar and Rainer Alt and Frank Bensberg and Heinz Lothar Grob and Peter Weimann and Robert Winter},
 title = {Anwendungsorientierte Wirtschaftsinformatik : Strategische Planung, Entwicklung und Nutzung von Informationssystemen},
 publisher = {Springer Vieweg},
 year = 2016,
 isbn = {978-3-658-14146-2},
 edition = {8.Auflage},
 address = {Wiesbaden},
 number = 477152740,
}

@book{pomberger2004,
 author = {Gustav Pomberger and Wolfgang Pree},
 title = {Software Engineering: Architektur-Design und Prozessorientierung},
 publisher = {Carl Hanser Verlag GmbH \& Co.KG},
 year = 2004,
 isbn = {978-3-446-22788-0},
 edition = {3., völlig überarbeitete Auflage},
}

@incollection{Kuhrmann2012,
 author = {Marco Kuhrmann},
 title = {Prototyping}, 
 booktitle = {Enzyklopädie der Wirtschaftsinformatik, Online-Lexikon},
 publisher = {Hrsg.: Norbet Gronau, Jörg Becker, Elmar J. Sinz, Leena Suhl und Jan Marco Leimeister},
 year = 2012,
 address = {München},
 month = {September},
 note = {URL: \url{http://www.enzyklopaedie-der-wirtschaftsinformatik.de/lexikon/is-management/Systementwicklung/Vorgehensmodell/Prototyping/index.html}; abgerufen am 26.06.2017}
}

@article{ieeeprot,
 author = {Horst Lichter and Matthias Schneider-Hufschmidt and Heinz Züllighoven},
 title = {Prototyping in Industrial Software Projects-Bridging the Gap Between Theory and Practice},
 journal = {IEEE Transactions on Software Engineering},
 year = 1994,
 volume = {Vol. 20},
 pages = {825-832},
}
 
@proceedings{liggesmeyer2012,
 year = 2012,
 title = {Software Entwicklung 2 - Prozessmodelle},
 note = {URL: \url{http://agde.cs.uni-kl.de/teaching/se2/ss2012/material/vorlesung/se2\_ss2012\_03\_Prozessmodelle.pdf}; abgerufen am 27.06.2017},
 editor = {Peter Liggesmeyer},
 organization = {Technische Universität Kaiserslautern},
}

@manual{capfunc,
 address = {Frankfurt},
 title = {Funktionale Beschreibung Kapazitätsplanung Cockpit},
 author = {DLH},
 year = 1995,
 organization = {Deutsche Lufthansa AG},
 month = {20. März},
 edition = {Version 0.1 - Entwurf},
}

@manual{benutzerhandbuch,
 address = {Frankfurt},
 title = {Anhang zum Benutzerhandbuch - Berechnungen},
 author = {LSY},
 year = 2001,
 organization = {Lufthansa Systems GmbH \& Co.KG},
 month = {26. September},
 edition = {Version 1.2},
}

@manual{compasdoku,
 address = {Raunheim},
 title = {Anwendungsdokumentation gemäß CMS-BetrVbg; COMPAS - Kapazitätsplanung Cockpit},
 author = {Iwan Berger},
 year = 2016,
 organization = {Lufthansa Systems GmbH \& Co.KG},
 month = {4. Mai},
 edition = {Version 1.20},
}
